<?xml version="1.0" encoding="UTF-8"?><collection xmlns="http://www.loc.gov/MARC21/slim"><record><leader>00362nam--2200121-i-4500</leader><controlfield tag="001">000010375</controlfield><controlfield tag="002">20161230</controlfield><controlfield tag="005">20161230201028</controlfield><controlfield tag="008">060222s1000------------r-----000-0-eng-d</controlfield><datafield ind1=" " ind2=" " tag="245"><subfield code="a">Comportaments, pools and spaces in medical phy siology. proceedings ...</subfield></datafield><datafield ind1=" " ind2=" " tag="260"><subfield code="a">Oak Ridge, Tenn., Usaec, 1967</subfield></datafield><datafield ind1=" " ind2=" " tag="490"><subfield code="a">Aec Symposium Series</subfield></datafield><datafield ind1=" " ind2=" " tag="700"><subfield code="a">Bergner, Per-erik E./S.A.</subfield></datafield></record></collection>